@Manual{R,
    title = {R: A Language and Environment for Statistical Computing},
    author = {{R Core Team}},
    organization = {R Foundation for Statistical Computing},
    address = {Vienna, Austria},
    year = {2015},
    url = {http://www.R-project.org/}}
	
@Article{bnlearn,
    title = {Learning Bayesian Networks with the {bnlearn} {R} Package},
    author = {Marco Scutari},
    journal = {Journal of Statistical Software},
    year = {2010},
    volume = {35},
    number = {3},
    pages = {1--22},
    url = {http://www.jstatsoft.org/v35/i03/}}
	
@phdthesis{kuehn2010,
  title={Empirical Ground-motion Models for Probabilistic Seismic Hazard Analysis: A Graphical Model Perspective},
  author={Kuehn, N.M.},
  school={Universität Potsdam},
  url={http://www.uni-potsdam.de/nadi/docs/kuehn_diss.pdf},
  year={2010}}
  
@phdthesis{Vogel2014,
  author      = {Kristin Vogel},
  title       = {Applications of Bayesian networks in natural hazard assessments},
  year        = {2014},
  school={Universität Potsdam},
  url = {https://publishup.uni-potsdam.de/opus4-ubp/files/6742/vogel_diss.pdf}}
  
@article{boore2003,
  title={Simulation of ground motion using the stochastic method},
  author={Boore, David M},
  journal={Pure and applied geophysics},
  volume={160},
  number={3-4},
  pages={635--676},
  year={2003},
  publisher={Springer}
}

@Manual{Rstudio,
  author = {{RStudio Team}},
  organization = {RStudio, Inc.},
  address      = {Boston, MA},
  title = {Rstudio: Integrated Development Environment for R},
  url = {http://www.rstudio.org/},
  version = {0.98.1103},
  year = {2012}
}

@book{LearningFromData,
 author = {Abu-Mostafa, Yaser S. and Magdon-Ismail, Malik and Lin, Hsuan-Tien},
 title = {Learning From Data},
 year = {2012},
 isbn = {1600490069, 9781600490064},
 publisher = {AMLBook}
} 

@phdthesis{margaritis2003,
  title={Learning Bayesian network model structure from data},
  author={Margaritis, Dimitris},
  year={2003},
  school={University of Pittsburgh}
}

@book{koller2009,
  title={Probabilistic graphical models: principles and techniques},
  author={Koller, Daphne and Friedman, Nir},
  year={2009},
  publisher={MIT press}
}

@article{schwarz,
  title={Estimating the dimension of a model},
  author={Schwarz, Gideon and others},
  journal={The annals of statistics},
  volume={6},
  number={2},
  pages={461--464},
  year={1978},
  publisher={Institute of Mathematical Statistics}
}